2198 2705
238 169 416 215 artem
441 169 630 214 tamen
654 78 1225 233 poeticam(omnium
1275 154 1506 231 optime*
1547 153 1720 214 tradi-

234 233 487 303 derint‚&
503 250 607 292 nos
631 232 929 292 docuerint
952 234 1085 310 quic
1125 227 1225 294 uid
1245 293 1249 297 Α
1266 235 1516 309 potuerit
1542 229 1714 291 doce·

231 310 322 384 ri)
345 330 475 367 cum
499 322 664 388 poeta
685 310 953 387 ipse-non
977 311 1068 379 fit,
1132 328 1162 367 e
1198 308 1550 386 principibus
1584 311 1715 369 illos

230 406 360 445 rum
384 404 551 464 atque
586 387 729 446 adeo
756 384 826 445 de
851 389 968 445 tota
988 398 1105 445 arte
1146 387 1369 464 poetica
1389 391 1449 444 in
1473 386 1708 447 Parrha·

228 464 416 533 fianis,
453 484 563 542 qua
582 463 814 541 quidem
828 478 985 540 parte
1000 461 1068 520 de
1091 463 1243 541 poesi
1267 467 1412 539 agit,
1434 464 1581 522 male
1597 469 1704 522 uti-

229 540 609 619 questatuisse
630 582 651 610 ,
684 540 898 618 aliquot
932 539 1405 599 dissertationibus
1441 540 1709 618 propedi-

229 637 323 675 em
345 619 577 695 planum
599 616 804 675 faciam
829 639 848 686 3
874 636 1026 676 nunc
1057 635 1196 675 vero
1232 616 1631 674 tantummodo
1646 636 1704 675 e-

231 699 463 753 vincam
490 737 506 764 ,
541 693 787 753 eundem
810 699 1189 772 flantiquorum
1223 696 1436 754 Vatum
1472 697 1703 754 Graeco-

222 789 354 829 rum
381 777 437 832 δε
459 773 736 832 Latinorfi
749 783 1012 850 poemata
1025 769 1284 830 manibus
1297 771 1501 831 nostris
1525 776 1701 830 nimis

224 846 602 922 παέρησιωςικὸς
635 854 853 925 eripere
867 846 1205 922 ‚rhythtmis
1226 849 1706 927 popularibusque
1797 857 1799 859 ’

222 939 516 982 recentum
529 929 766 1004 poetarfi
780 921 1031 986 verfibus
1041 926 1401 1005 summopere
1416 943 1709 987 commen-

226 998 715 1087 datis.Permirum
737 1003 1013 1084 siquidem
1031 1001 1258 1064 videtur
1290 1009 1441 1063 inter
1454 1005 1706 1084 copiosas

224 1083 282 1137 δι
295 1081 471 1149 justas
517 1081 785 1141 faciendae
803 1086 889 1140 rei
931 1085 1250 1141 occasiones
1290 1080 1549 1141 fortunas
1582 1084 1707 1143 suas

223 1154 412 1214 dedita
457 1176 628 1234 opera
657 1157 1002 1237 amplificare
1032 1160 1197 1221 nolle.
1277 1161 1438 1235 Ergo
1496 1160 1705 1237 posteri

219 1232 465 1308 legitimi
511 1231 1055 1311 majorum‘heredes
1084 1243 1196 1295 ‘nos
1225 1233 1556 1296 exheredari
1569 1256 1700 1317 pers

221 1316 517 1373 mittemus
530 1354 546 1382 ,
566 1303 763 1392 quast'13
783 1316 1059 1376 Veterum
1070 1312 1336 1373 industria
1348 1311 1708 1391 poffeffi‘ones

220 1394 392 1447 novis
425 1390 834 1451 acceffi'onibus
868 1392 1001 1450 locu
1040 1390 1288 1451 letandas
1333 1392 1587 1469 reliquit,
1627 1394 1706 1451 se-

221 1485 323 1525 cus
347 1467 607 1528 suadente
638 1470 883 1529 utilitate
901 1468 964 1529 36
1005 1489 1141 1529 ecus
1152 1463 1388 1540 jubente
1418 1468 1704 1531 neceffita·

218 1558 301 1614 te,
317 1545 631 1622 prudentes
643 1548 986 1625 scientesque
996 1543 1492 1623 adspernabimur?
1530 1552 1592 1605 N
1594 1566 1700 1606 on·

218 1642 290 1682 ne
342 1624 746 1701 praeposterum
773 1638 945 1703 atque
980 1624 1231 1684 alienum
1266 1621 1521 1695 videtur,
1556 1643 1699 1685 cum

217 1719 337 1758 non
364 1700 502 1759 defit
523 1703 677 1761 unde
691 1702 861 1778 large
887 1701 1298 1777 liberaliterque
1325 1704 1505 1758 vitam
1527 1719 1699 1777 agere

216 1777 518 1856 poffimus,
541 1783 612 1837 iis
649 1795 844 1838 tamen
867 1777 1073 1857 opibus
1105 1775 1430 1856 posthabitis
1468 1777 1540 1836 ad
1563 1779 1701 1838 alias

215 1856 494 1935 parandas
519 1857 703 1927 abire,
738 1861 795 1917 ὅ(
820 1855 1089 1916 accedere
1111 1854 1182 1914 ad
1201 1856 1419 1914 rivulos
1445 1854 1699 1933 fonti-bus

215 1940 584 2069 gongemptiffi
605 1933 920 2013 glandeque
941 1934 1091 1994 vesci
1113 1933 1255 1992 velle
1281 1931 1544 2008 frugibus
1566 1935 1700 1993 reli-

270 2031 320 2070 ιε
336 2056 351 2070 .
1339 2064 1341 2066 ,

362 2088 411 2167 §.
444 2093 532 2150 ΙΙΙ.
576 2093 820 2151 Minime
854 2093 1118 2168 gentium
1141 2133 1160 2163 ,
1198 2090 1241 2150 fi
1304 2086 1500 2149 uidem
1531 2090 1699 2150 Parr-

213 2167 430 2227 hafium
474 2167 738 2237 audimus
785 2211 803 2239 ‚
873 2174 975 2248 qui
1022 2188 1158 2229 eum
1209 2186 1284 2228 no
1325 2172 1375 2225 is
1434 2182 1703 2228 veterum

213 2249 518 2307 Poetarum
561 2248 661 2307 usu
686 2247 857 2326 plane·
873 2247 1179 2307 ‘interdicit
1222 2254 1253 2323 J,
1299 2262 1407 2305 nos
1433 2246 1569 2303 vult*
1591 2244 1701 2305 effe

211 2326 418 2409 similes
463 2323 1107 2472 Rhilosophisdantffuis
1150 2367 1170 2399 ‚
1226 2326 1435 2406 quibus
1458 2343 1591 2385 cum
1602 2342 1703 2419 pe·

1017 2423 1053 2485 3Δ
1527 2419 1699 2464 cuma
